@techreport{Choudalakis:1248716,
      author        = "Choudalakis, G and Spousta, M",
      title         = "{Characteristic dip in average transverse energy density
                       and multiplicity around the axis of Anti-kT jets}",
      institution   = "CERN",
      address       = "Geneva",
      number        = "ATL-COM-PHYS-2010-139",
      month         = "Mar",
      year          = "2010",
      reportNumber  = "ATL-COM-PHYS-2010-139",
      url           = "https://cds.cern.ch/record/1248716",
}

@article{ATLAS502FFConf,
      author         = "Aaboud, Morad and others",
      title          = "{Measurement of jet fragmentation in Pb+Pb and $pp$
                        collisions at $\sqrt{s_{NN}} = 5.02$ TeV with the ATLAS
                        detector}",
      collaboration  = "ATLAS",
      journal        = "Phys. Rev.",
      volume         = "C98",
      year           = "2018",
      number         = "2",
      pages          = "024908",
      doi            = "10.1103/PhysRevC.98.024908",
      eprint         = "1805.05424",
      archivePrefix  = "arXiv",
      primaryClass   = "nucl-ex",
      reportNumber   = "CERN-EP-2018-096",
      SLACcitation   = "%%CITATION = ARXIV:1805.05424;%%"
}
@article{Brewer:2017fqy,
      author         = "Brewer, Jasmine and Rajagopal, Krishna and Sadofyev,
                        Andrey and Van Der Schee, Wilke",
      title          = "{Evolution of the Mean Jet Shape and Dijet Asymmetry
                        Distribution of an Ensemble of Holographic Jets in
                        Strongly Coupled Plasma}",
      year           = "2017",
      eprint         = "1710.03237",
      archivePrefix  = "arXiv",
      primaryClass   = "nucl-th",
      reportNumber   = "MIT-CTP-4943, LA-UR-17-29843",
      SLACcitation   = "%%CITATION = ARXIV:1710.03237;%%"
}
@article{Yan:2017rku,
      author         = "Yan, Li and Jeon, Sangyong and Gale, Charles",
      title          = "{Jet-medium interaction and conformal relativistic fluid
                        dynamics}",
      year           = "2017",
      eprint         = "1707.09519",
      archivePrefix  = "arXiv",
      primaryClass   = "nucl-th",
      SLACcitation   = "%%CITATION = ARXIV:1707.09519;%%"
}
@article{CMSPASHIN16020,
   author = "CMS Collaboration",
   url = "https://cds.cern.ch/record/2244671/",
      title = "Jet properties in PbPb and pp collisions at 5.02 TeV, CMS-PAS-HIN-16-020",
}
@article{Khachatryan:2016tfj,
      author         = "Khachatryan, Vardan and others",
      title          = "{Decomposing transverse momentum balance contributions
                        for quenched jets in PbPb collisions at $
                        \sqrt{s_{\mathrm{N}\;\mathrm{N}}}=2.76 $ TeV}",
      collaboration  = "CMS",
      journal        = "JHEP",
      volume         = "11",
      year           = "2016",
      pages          = "055",
      doi            = "10.1007/JHEP11(2016)055",
      eprint         = "1609.02466",
      archivePrefix  = "arXiv",
      primaryClass   = "nucl-ex",
      reportNumber   = "CMS-HIN-15-011, CERN-EP-2016-199",
      SLACcitation   = "%%CITATION = ARXIV:1609.02466;%%"
}
@article{Blaizot:2014ula,
      author         = "Blaizot, Jean-Paul and Mehtar-Tani, Yacine and Torres,
                        Marcus A. C.",
      title          = "{Angular structure of the in-medium QCD cascade}",
      journal        = "Phys. Rev. Lett.",
      volume         = "114",
      year           = "2015",
      number         = "22",
      pages          = "222002",
      doi            = "10.1103/PhysRevLett.114.222002",
      eprint         = "1407.0326",
      archivePrefix  = "arXiv",
      primaryClass   = "hep-ph",
      SLACcitation   = "%%CITATION = ARXIV:1407.0326;%%"
}
@article{Tachibana:2017syd,
      author         = "Tachibana, Yasuki and Chang, Ning-Bo and Qin, Guang-You",
      title          = "{Full jet in quark-gluon plasma with hydrodynamic medium
                        response}",
      journal        = "Phys. Rev.",
      volume         = "C95",
      year           = "2017",
      number         = "4",
      pages          = "044909",
      doi            = "10.1103/PhysRevC.95.044909",
      eprint         = "1701.07951",
      archivePrefix  = "arXiv",
      primaryClass   = "nucl-th",
      SLACcitation   = "%%CITATION = ARXIV:1701.07951;%%"
}
@article{PbPb5TeVIntNote,
   author = "Rybar, M and Sickles, A and Puri, A",
   url = "https://cds.cern.ch/record/2235420",
      title = "Jet Fragmentation in Pb+Pb Collisions at 5.02 TeV"
}
@article{ATLAS:2017wvp,
      author         = "The ATLAS collaboration",
      title          = "{Study of inclusive jet yields in Pb+Pb collisions at
                        $\sqrt{s_{N N}} = 5.02$ TeV}",
      collaboration  = "ATLAS",
      year           = "2017",
      reportNumber   = "ATLAS-CONF-2017-009",
      SLACcitation   = "%%CITATION = ATLAS-CONF-2017-009;%%"
}
@article{Hulcher:2017cpt,
      author         = "Hulcher, Zachary and Pablos, Daniel and Rajagopal,
                        Krishna",
      title          = "{Resolution Effects in the Hybrid Strong/Weak Coupling
                        Model}",
      year           = "2017",
      eprint         = "1707.05245",
      archivePrefix  = "arXiv",
      primaryClass   = "hep-ph",
      SLACcitation   = "%%CITATION = ARXIV:1707.05245;%%"
}
@article{Aaboud:2017tke,
      author         = "Aaboud, Morad and others",
      title          = "{Measurement of jet fragmentation in 5.02 TeV
                        proton--lead and proton--proton collisions with the ATLAS
                        detector}",
      collaboration  = "ATLAS",
      year           = "2017",
      eprint         = "1706.02859",
      archivePrefix  = "arXiv",
      primaryClass   = "hep-ex",
      reportNumber   = "CERN-EP-2017-065",
      SLACcitation   = "%%CITATION = ARXIV:1706.02859;%%"
}
@article{Mehtar-Tani:2014yea,
      author         = "Mehtar-Tani, Yacine and Tywoniuk, Konrad",
      title          = "{Jet (de)coherence in Pbâ€“Pb collisions at the LHC}",
      journal        = "Phys. Lett.",
      volume         = "B744",
      year           = "2015",
      pages          = "284-287",
      doi            = "10.1016/j.physletb.2015.03.041",
      eprint         = "1401.8293",
      archivePrefix  = "arXiv",
      primaryClass   = "hep-ph",
      SLACcitation   = "%%CITATION = ARXIV:1401.8293;%%"
}
@article{Aaboud:2017bzv,
      author         = "Aaboud, Morad and others",
      title          = "{Measurement of jet fragmentation in Pb+Pb and $pp$
                        collisions at $\sqrt{{s_\mathrm{NN}}} = 2.76$ TeV with the
                        ATLAS detector at the LHC}",
      collaboration  = "ATLAS",
      journal        = "Eur. Phys. J.",
      volume         = "C77",
      year           = "2017",
      number         = "6",
      pages          = "379",
      doi            = "10.1140/epjc/s10052-017-4915-5",
      eprint         = "1702.00674",
      archivePrefix  = "arXiv",
      primaryClass   = "hep-ex",
      reportNumber   = "CERN-EP-2017-005",
      SLACcitation   = "%%CITATION = ARXIV:1702.00674;%%"
}
@unpublished{TrackingRecRun1,
   title = "Tracking Recommendations for Run1",
   note = "https://twiki.cern.ch/twiki/bin/view/AtlasProtected/TrackingCPMC12"
}

@article{Ball:2012cx,
      author         = "Ball, Richard D. and others",
      notitle          = "{Parton distributions with LHC data}",
      journal        = "Nucl. Phys.",
      volume         = "B867",
      year           = "2013",
      nopages          = "244-289",
      doi            = "10.1016/j.nuclphysb.2012.10.003",
      eprint         = "1207.1303",
      archivePrefix  = "arXiv",
      primaryClass   = "hep-ph",
      reportNumber   = "EDINBURGH-2012-08, IFUM-FT-997, FR-PHENO-2012-014,
                        RWTH-TTK-12-25, CERN-PH-TH-2012-037, SFB-CPP-12-47",
      SLACcitation   = "%%CITATION = ARXIV:1207.1303;%%"
}
@unpublished{HIdataderviation,
   author = "{ATLAS Collaboration}",
   note = "HI Jet derivations, https://twiki.cern.ch/twiki/bin/view/AtlasProtected/HIRun2JetDFRecoDatasets"
}
@unpublished{HIAnalysisTools,
   author = "{ATLAS Collaboration}",
   note = "HIAnalysisTools, https://twiki.cern.ch/twiki/bin/view/Main/HIAnalysisTools"
}
@unpublished{ATLAS2014021,
   author = "{ATLAS Collaboration}",
   notitle = "ATLAS Run 1 Pythia8 tunes",
   note = "ATLAS-PHYS-PUB-2014-021, https://cds.cern.ch/record/1966419"
}
@unpublished{ATLAS-CONF-2016-105,
   author = "{ATLAS Collaboration}",
   title = "AMeasurement of the azimuthal anisotropy of charged particles produced in 5.02 TeV Pb+Pb collisions with the ATLAS detector",
   note = "ATLAS-CONF-2016-105, https://cds.cern.ch/record/2220372",
   url = "https://cds.cern.ch/record/2220372"
}

@unpublished{JESuncertaintytwiki,
   title = "JES Uncertainties Twiki",
   note = "https://twiki.cern.ch/twiki/bin/view/AtlasProtected/JetUncertainties2015ICHEP2016"
}
@unpublished{PbPbRaaNote,
   author = "Angerami, A and Cole, B and Havener, L and Slovak, R and Spousta, M",
   title = "{Jet yields and jet substructure measurement in Pb+Pb collisions at $\sqrt{s_{NN}}$
      5.02~TeV}",
   note = "ATL-COM-PHYS-2016-831, https://cds.cern.ch/record/2194959"
}

@article{cc2015,
   author = "Puri, Akshat",
   title = "Cross calibration factors and their uncertainties for application to 2015 heavy ion jets",
   note = "ATL-COM-PHYS-2016-1253"
}

@article{pPbIntNote,
   author = "Rybar, M and Sickles, A and Puri, A and Angerami, A and Cole, B and Kosek, T and Santos, H and Spousta, M",
   title = "Jet Fragmentation in p+Pb Collisions",
   note = "ATL-COM-PHYS-2015-216, https://cds.cern.ch/record/2005223",

}
@unpublished{ref:centrality,
   author = "Perepelitsa, D and Steinberg, P and Zhou, M and Radhakrishnan, S and Tapia Araya, S",
   title = "Centrality determination in $\sqrt{s_{NN}}$=5.02 TeV Pb+Pb collision data in 2015",
   note = "https://cds.cern.ch/record/2212936"
}
@unpublished{ref:tracktwiki,
   author = "{ATLAS Collaboration}",
   title = "Tracking Recommendations for ICHEP 2016",
   note = "https://twiki.cern.ch/twiki/bin/view/AtlasProtected/TrackingCPICHEP2016"
}


@article{Spousta:2015fca,
      author         = "Spousta, Martin and Cole, Brian",
      title          = "{Interpreting Single Jet Measurements in Pb+Pb Collisions
                        at the LHC}",
      year           = "2015",
      eprint         = "1504.05169",
      archivePrefix  = "arXiv",
      primaryClass   = "hep-ph",
      SLACcitation   = "%%CITATION = ARXIV:1504.05169;%%",
}

@article{Aad:2011sc,
      author         = "Aad, Georges and others",
      title          = "{Measurement of the jet fragmentation function and
                        transverse profile in proton-proton collisions at a
                        center-of-mass energy of 7 TeV with the ATLAS detector}",
      collaboration  = "ATLAS",
      journal        = "Eur.Phys.J.",
      volume         = "C71",
      pages          = "1795",
      doi            = "10.1140/epjc/s10052-011-1795-y",
      year           = "2011",
      eprint         = "1109.5816",
      archivePrefix  = "arXiv",
      primaryClass   = "hep-ex",
      reportNumber   = "CERN-PH-EP-2011-148",
      SLACcitation   = "%%CITATION = ARXIV:1109.5816;%%",
}
@article{Cacciari:2008gp,
      author         = "Cacciari, Matteo and Salam, Gavin P. and Soyez, Gregory",
      title          = "{The Anti-k(t) jet clustering algorithm}",
      journal        = "JHEP",
      volume         = "0804",
      pages          = "063",
      doi            = "10.1088/1126-6708/2008/04/063",
      year           = "2008",
      eprint         = "0802.1189",
      archivePrefix  = "arXiv",
      primaryClass   = "hep-ph",
      reportNumber   = "LPTHE-07-03",
      SLACcitation   = "%%CITATION = ARXIV:0802.1189;%%",
}

@Unpublished{ATLAS-COM-PHYS-2013-1369,
   author = "Perepelitsa, D. and Angerami, A. and Cole, B. and Steinberg, P. and Kosek, T. and Rybar, M. and Spousta, M. and Lopes, A",
   title = "Measurement of the centrality-dependence of inclusive jet production in p+Pb data at $\sqrt{s_{NN}}$=5.02TeV with the ATLAS detector",
   note = "ATL-COM-PHYS-2013-1369"
}
@article{Sjostrand:2006za,
      author         = "Sjostrand, Torbjorn and Mrenna, Stephen and Skands, Peter
                        Z.",
      title          = "{PYTHIA 6.4 Physics and Manual}",
      journal        = "JHEP",
      volume         = "0605",
      pages          = "026",
      doi            = "10.1088/1126-6708/2006/05/026",
      year           = "2006",
      eprint         = "hep-ph/0603175",
      archivePrefix  = "arXiv",
      primaryClass   = "hep-ph",
      reportNumber   = "FERMILAB-PUB-06-052-CD-T, LU-TP-06-13",
      SLACcitation   = "%%CITATION = HEP-PH/0603175;%%",
}

@article{Eskola:2009uj,
      author         = "Eskola, K.J. and Paukkunen, H. and Salgado, C.A.",
      title          = "{EPS09: A New Generation of NLO and LO Nuclear Parton
                        Distribution Functions}",
      journal        = "JHEP",
      volume         = "0904",
      pages          = "065",
      doi            = "10.1088/1126-6708/2009/04/065",
      year           = "2009",
      eprint         = "0902.4154",
      archivePrefix  = "arXiv",
      primaryClass   = "hep-ph",
      SLACcitation   = "%%CITATION = ARXIV:0902.4154;%%",
}
@unpublished{TrackingRec,
   title = "Tracking Recommendations for ICHEP2016",
   note = "https://twiki.cern.ch/twiki/bin/view/AtlasProtected/TrackingCPICHEP2016"
}
@unpublished{jettwikirun1run2,
   title = "JES correlations between 2012 and 2015/2016",
   note = "https://twiki.cern.ch/twiki/bin/viewauth/AtlasProtected/JESCorrelationRecommendations2015"
}

@Unpublished{ATLAS-COM-PHYS-2013-588,
   author = "Perepelitsa, D. and Cole, B. and Steinberg, P.",
   title = "Centrality Determination in the 2012 and 2013 p+Pb data in ATLAS",
   note = "ATL-COM-PHYS-2013-588"
}
@article{Aad:2014bxa,
      author         = "Aad, Georges and others",
      title          = "{Measurements of the Nuclear Modification Factor for Jets
                        in Pb+Pb Collisions at $\sqrt{s_{\mathrm{NN}}}=2.76$ TeV
                        with the ATLAS Detector}",
      collaboration  = "ATLAS",
      journal        = "Phys.Rev.Lett.",
      number         = "7",
      volume         = "114",
      pages          = "072302",
      doi            = "10.1103/PhysRevLett.114.072302",
      year           = "2015",
      eprint         = "1411.2357",
      archivePrefix  = "arXiv",
      primaryClass   = "hep-ex",
      reportNumber   = "CERN-PH-EP-2014-172",
      SLACcitation   = "%%CITATION = ARXIV:1411.2357;%%",
}
@article{Aad:2010bu,
      author         = "Aad, Georges and others",
      title          = "{Observation of a Centrality-Dependent Dijet Asymmetry in
                        Lead-Lead Collisions at $\sqrt{s_{NN}}=2.77$ TeV with the
                        ATLAS Detector at the LHC}",
      collaboration  = "ATLAS",
      journal        = "Phys.Rev.Lett.",
      volume         = "105",
      pages          = "252303",
      doi            = "10.1103/PhysRevLett.105.252303",
      year           = "2010",
      eprint         = "1011.6182",
      archivePrefix  = "arXiv",
      primaryClass   = "hep-ex",
      SLACcitation   = "%%CITATION = ARXIV:1011.6182;%%",
}
@article{ATLAS:2014cpa,
      author         = "Aad, Georges and others",
      title          = "{Centrality and rapidity dependence of inclusive jet
                        production in $\sqrt{s_\mathrm{NN}} = 5.02$ TeV
                        proton-lead collisions with the ATLAS detector}",
      collaboration  = "ATLAS",
      journal        = "Phys. Lett.",
      volume         = "B748",
      year           = "2015",
      pages          = "392-413",
      doi            = "10.1016/j.physletb.2015.07.023",
      eprint         = "1412.4092",
      archivePrefix  = "arXiv",
      primaryClass   = "hep-ex",
      reportNumber   = "CERN-PH-EP-2014-275",
      SLACcitation   = "%%CITATION = ARXIV:1412.4092;%%"
}
@article{CMS:2014qca,
      author         = "CMS Collaboration",
      title          = "{Measurement of inclusive jet nuclear modification factor
                        in pPb collisions at $\sqrt{s_\mathrm{NN}}$=5.02 TeV with CMS}",
      collaboration  = "CMS",
      year           = "2014",
      journal   = "CMS-PAS-HIN-14-001",
      SLACcitation   = "%%CITATION = CMS-PAS-HIN-14-001 ETC.;%%",
}
@article{Aiola:2014cja,
      author         = "Aiola, Salvatore",
      title          = "{Measurement of jet pT spectra and $R_{AA}$ in pp and
                        Pb-Pb collisions at $\sqrt{s_{NN}}$=2.76 TeV with the
                        ALICE detector}",
      collaboration  = "ALICE",
      journal        = "Nucl.Phys.",
      volume         = "A",
      doi            = "10.1016/j.nuclphysa.2014.08.033",
      year           = "2014",
      eprint         = "1408.0479",
      archivePrefix  = "arXiv",
      primaryClass   = "nucl-ex",
      SLACcitation   = "%%CITATION = ARXIV:1408.0479;%%",
}
@article{Khachatryan:2015xaa,
      author         = "Khachatryan, Vardan and others",
      title          = "{Nuclear effects on the transverse momentum spectra of
                        charged particles in pPb collisions at a nucleon-nucleon
                        center-of-mass energy of 5.02 TeV}",
      collaboration  = "CMS",
      year           = "2015",
      eprint         = "1502.05387",
      archivePrefix  = "arXiv",
      primaryClass   = "nucl-ex",
      reportNumber   = "CMS-HIN-12-017, CERN-PH-EP-2014-282,
                        FERMILAB-PUB-15-064-CMS",
      SLACcitation   = "%%CITATION = ARXIV:1502.05387;%%",
}
@article{Pumplin:2002vw,
      author         = "Pumplin, J. and Stump, D.R. and Huston, J. and Lai, H.L.
                        and Nadolsky, Pavel M. and others",
      title          = "{New generation of parton distributions with
                        uncertainties from global QCD analysis}",
      journal        = "JHEP",
      volume         = "0207",
      pages          = "012",
      doi            = "10.1088/1126-6708/2002/07/012",
      year           = "2002",
      eprint         = "hep-ph/0201195",
      archivePrefix  = "arXiv",
      primaryClass   = "hep-ph",
      reportNumber   = "MSU-HEP-011101",
      SLACcitation   = "%%CITATION = HEP-PH/0201195;%%",
}
@Unpublished{ATLAS-COM-PHYS-2012-1653,
   author = "Cole, B. and Spousta, M. and Angerami, A. and Perepelitsa, D. and Kosek, T. and Balek, P. and Rybar, M. and Santos, H.",
   title = "Supporting note for measurement of inclusive jet charged particle fragmentation functions in Pb+Pb collisions",
   note = "ATL-COM-PHYS-2012-1653"
}
@Unpublished{ATLAS-COM-PHYS-2014-293,
   author = "Balek, P. and Debbe, R. and Milov, A. and Shulga, E.",
   title = "Supporting note for charged particle prduction analysis using 2013 p+Pb data at $\sqrt{s_{NN}}$=5.02~TeV",
   note = "ATL-COM-PHYS-2014-293"
}

@article{Adye:2011gm,
      author         = "Adye, Tim",
      title          = "{Unfolding algorithms and tests using RooUnfold}",
      pages          = "313-318",
      year           = "2011",
      eprint         = "1105.1160",
      archivePrefix  = "arXiv",
      primaryClass   = "physics.data-an",
      SLACcitation   = "%%CITATION = ARXIV:1105.1160;%%",
}
@article{D'Agostini:1994zf,
      author         = "D'Agostini, G.",
      title          = "{A Multidimensional unfolding method based on Bayes'
                        theorem}",
      journal        = "Nucl.Instrum.Meth.",
      volume         = "A362",
      pages          = "487-498",
      doi            = "10.1016/0168-9002(95)00274-X",
      year           = "1995",
      reportNumber   = "DESY-94-099",
      SLACcitation   = "%%CITATION = NUIMA,A362,487;%%",
}




@article{Abbiendi:1999pi,
      author         = "Abbiendi, G. and others",
      title          = "{Experimental properties of gluon and quark jets from a
                        point source}",
      collaboration  = "OPAL",
      journal        = "Eur.Phys.J.",
      volume         = "C11",
      pages          = "217-238",
      doi            = "10.1007/s100520050628",
      year           = "1999",
      eprint         = "hep-ex/9903027",
      archivePrefix  = "arXiv",
      primaryClass   = "hep-ex",
      reportNumber   = "CERN-EP-99-028",
      SLACcitation   = "%%CITATION = HEP-EX/9903027;%%",
}


@Unpublished{ATLAS-PHYS-PUB-2011-009,
   title = "ATLAS tunes of PYTHIA 6 and Pythia 8 for MC11",
   note = "ATL-PHYS-PUB-2011-009",
}

@article{Balek:2014uha,
      author         = "Balek, Petr",
      title          = "{Measurements of charged particle spectra and nuclear
                        modification factor in p +Pb collisions with the ATLAS
                        detector}",
      collaboration  = "ATLAS",
      journal        = "Nucl.Phys.",
      volume         = "A931",
      pages          = "399-403",
      doi            = "10.1016/j.nuclphysa.2014.09.042",
      year           = "2014",
      SLACcitation   = "%%CITATION = NUPHA,A931,399;%%",
}
@article{Aad:2014wha,
      author         = "Aad, G. and others",
      title          = "{Measurement of inclusive jet charged-particle
                        fragmentation functions in Pb+Pb collisions at
                        $\sqrt{s_{NN}} = 2.76$ TeV with the ATLAS detector}",
      collaboration  = "ATLAS",
      journal        = "Phys.Lett.",
      volume         = "B739",
      pages          = "320-342",
      doi            = "10.1016/j.physletb.2014.10.065",
      year           = "2014",
      eprint         = "1406.2979",
      archivePrefix  = "arXiv",
      primaryClass   = "hep-ex",
      reportNumber   = "CERN-PH-EP-2014-101",
      SLACcitation   = "%%CITATION = ARXIV:1406.2979;%%",
}
@article{Miller:2007ri,
      author         = "Miller, Michael L. and Reygers, Klaus and Sanders,
                        Stephen J. and Steinberg, Peter",
      title          = "{Glauber modeling in high energy nuclear collisions}",
      journal        = "Ann.Rev.Nucl.Part.Sci.",
      volume         = "57",
      pages          = "205-243",
      doi            = "10.1146/annurev.nucl.57.090506.123020",
      year           = "2007",
      eprint         = "nucl-ex/0701025",
      archivePrefix  = "arXiv",
      primaryClass   = "nucl-ex",
      SLACcitation   = "%%CITATION = NUCL-EX/0701025;%%",
}
@article{Khachatryan:2016odn,
      author         = "Khachatryan, Vardan and others",
      title          = "{Charged-particle nuclear modification factors in PbPb
                        and pPb collisions at $\sqrt{s_{\mathrm{NN}}}= $ 5.02
                        TeV}",
      collaboration  = "CMS",
      journal        = "Submitted to: JHEP",
      year           = "2016",
      eprint         = "1611.01664",
      archivePrefix  = "arXiv",
      primaryClass   = "nucl-ex",
      reportNumber   = "CMS-HIN-15-015, CERN-EP-2016-242",
      SLACcitation   = "%%CITATION = ARXIV:1611.01664;%%"
}
@article{Abelev:2013kqa,
      author         = "Abelev, B. and others",
      title          = "{Measurement of charged jet suppression in Pb-Pb
                        collisions at $\sqrt{s_{NN}}$ = 2.76 TeV}",
      collaboration  = "ALICE",
      journal        = "JHEP",
      volume         = "03",
      year           = "2014",
      pages          = "013",
      doi            = "10.1007/JHEP03(2014)013",
      eprint         = "1311.0633",
      archivePrefix  = "arXiv",
      primaryClass   = "nucl-ex",
      reportNumber   = "CERN-PH-EP-2013-205",
      SLACcitation   = "%%CITATION = ARXIV:1311.0633;%%"
}
@article{ATLAS276FFConf,
      key            = "1395333",
      author         = "{ATLAS collaboration}",
      title          = "{Internal structure of jets measured in Pb+Pb and pp
                        collisions with the ATLAS detector at the LHC}",
      year           = "2015",
      note   = "ATLAS-CONF-2015-055, https://cds.cern.ch/record/2055676",
      SLACcitation   = "%%CITATION = ATLAS-CONF-2015-055;%%"
}
@Article{Adler:2002tq,
     author    = "Adler, C. and others",
     collaboration = "STAR Collaboration",
     title     = "{Disappearance of back-to-back high $p_{T}$ hadron
                  correlations in central Au+Au collisions at $\sqrt{s_{\mathrm{NN}}}$
                  = 200-GeV}",
     journal   = "Phys.~Rev.~Lett.",
     volume    = "90",
     year      = "2003",
     pages     = "082302",
      eprint         = "nucl-ex/0210033",
      archivePrefix  = "arXiv"
}


@Article{Adler:2003qi,
     author    = "Adler, S. S. and others",
     collaboration = "PHENIX Collaboration",
     title     = "Suppressed $\pi^0$ production at large transverse momentum in
                  central Au +  Au collisions at $\sqrt{s_{NN}}$ = 200 GeV",
     journal   = "Phys.~Rev.~Lett.",
     volume    = "91",
     year      = "2003",
     pages     = "072301",
     eprint    = "nucl-ex/0304022",
     archivePrefix = "arXiv"
}


@article{CMS_Asymm,
      title          = "{Observation and studies of jet quenching in PbPb collisions at $\sqrt{s_{NN}} = 2.76\TeV$}",
      collaboration  = "CMS",
      journal        = "Phys.~Rev.~",
      volume         = "C 84",
      pages          = "024906",
      year           = "2011",
      eprint         = "1102.6182",
      archivePrefix  = "arXiv",
}

@article{CMS_Frag1,
      collaboration  = "CMS",
      journal        = "JHEP",
      volume         = "10",
      pages          = "087",
      year           = "2012",
}

@article{CMS_Frag2,
      collaboration  = "CMS",
      note = "CMS-HIN-12-013",
      year = "2012",
}

CMS-HIN-12-013


@article{RHIC_JQ1,
      author         = "Adcox, K and others",
      journal        = "Nucl. Phys.",
      year           = "2005",
      volume         = "A 757",
      pages          = "184-283",
      eprint         = "nucl-ex/0410003",
      archivePrefix  = "arXiv",
      primaryClass   = "nucl-ex",
}


@article{RHIC_JQ2,
      author         = "Adams J. and others",
      journal        = "Nucl. Phys.",
      year           = "2005",
      volume         = "A 757",
      pages          = "102-183",
      eprint         = "0501009",
      archivePrefix  = "arXiv",
      primaryClass   = "nucl-ex",
}




@article{Armesto:2007dt,
      author         = "Armesto, Nestor and Cunqueiro, Leticia and Salgado,
                        Carlos A. and Xiang, Wen-Chang",
      title          = "{Medium-evolved fragmentation functions}",
      journal        = "JHEP",
      volume         = "0802",
      pages          = "048",
      doi            = "10.1088/1126-6708/2008/02/048",
      year           = "2008",
      eprint         = "0710.3073",
      archivePrefix  = "arXiv",
      primaryClass   = "hep-ph",
}

@article{0156_Wiedemann,
      author         = "Salgado, Carlos A and Wiedemann, Urs A",
      title          = "{Medium Modification of Jet Shapes and Jet Multiplicities}",
      journal        = "Phys.Rev.Lett",
      volume         = "93",
      pages          = "042301",
      year           = "2004",
}

@article{CasalderreySolana:2010eh,
      author         = "Casalderrey-Solana, Jorge and Milhano, Jose Guilherme and
                        Wiedemann, Urs Achim",
      title          = "{Jet Quenching via Jet Collimation}",
      journal        = "J.Phys.",
      volume         = "G38",
      pages          = "035006",
      doi            = "10.1088/0954-3899/38/3/035006",
      year           = "2011",
      note           = "* Temporary entry *",
      eprint         = "1012.0745",
      archivePrefix  = "arXiv",
      primaryClass   = "hep-ph",
}


@article{Zapp:2008fy,
      author         = "Zapp, Korinna and Ingelman, Gunnar and Rathsman, Johan
                        and Stachel, Johanna and Wiedemann, Urs Achim",
      title          = "{Parton Energy Loss Without Transverse Momentum
                        Broadening}",
      journal        = "Indian J.Phys.",
      year           = "2008",
      eprint         = "0805.4759",
      archivePrefix  = "arXiv",
      primaryClass   = "hep-ph",
}


@Article{hydro,
     author    = "Heinz, U",
     title     = "{Early collective expansion: Relativistic hydrodynamics and the transport properties of QCD matter}",
     journal   = "Relativistic Heavy Ion Physics",
     volume    = "I/23",
     year      = "2010",
     chapter   = "5",
     eprint         = "0901.4355",
     archivePrefix  = "arXiv",
}

@unpublished{JetRcp,
  collaboration = "ATLAS",
  title = "Jet Size Dependence of Single Jet Suppression in Lead-Lead Collisions at $\sqrt{s_{NN}}=2.76$ TeV with the ATLAS Detector at the LHC",
  note = "ATL-COM-PHYS-2011-1719",
  year = "2012"
}

@unpublished{FF7TeVInt,
  collaboration = "ATLAS",
  title = "Measurement of the jet fragmentation function and transverse profile in proton-proton collisions at a center-of-mass energy of 7~TeV with the ATLAS detector at the LHC",
  note = "ATL-COM-PHYS-2011-923",
  year = "2011"
}

@unpublished{JetQM11,
  collaboration = "ATLAS",
  title = "Centrality dependence of Jet Yields and Jet Fragmentation in Lead-Lead Collisions at $\sqrt{s_{NN}} = 2.76$~TeV with the ATLAS detector at the LHC", 
  note = "ATLAS-CONF-2011-075",
  year = "2011"
}


@Unpublished{trackingnote2,
  collaboration = "ATLAS",
  title = "Measurement of the centrality dependence of charged particle spectra and $R_{CP}$ in lead-lead collisions at $\sqrt{s_{NN}} = 2.76\TeV$ with the ATLAS detector at the LHC",
  note = "ATL-CONF-2011-079"
}


@Unpublished{CONFnote,
  collaboration = "ATLAS",
  title = "Measurement of inclusive jet charged particle fragmentation functions in Pb+Pb collisions at $\sqrt{s_{NN}}=2.76$~TeV with the ATLAS detector",
  note = "ATLAS-CONF-2012-115"
}


@Unpublished{OrigINTnote,
  collaboration = "ATLAS",
  title = "Jet Fragmentation in Heavy Ion Collisions",
  note = "ATL-COM-PHYS-2012-628"
}


@Unpublished{trackingnote,
  author = "Milov, S. and Debbe, R. and Steinberg, P.",
  title = "Tracking in Lead-Lead Collisions",
  note = "ATL-COM-PHYS-2011-521"
}


@techreport{flownote,
      author       = "Derendarz, D and Olszewski, A and Trzupek, A and Wosiek, B",
      title        = "Measurement of azimuthal anisotropies in Pb+Pb collisions
                      at $\sqrt{s_{NN}} = 2.76\TeV$ with the ATLAS detector at the LHC",
      institution  = "CERN",
      address      = "Geneva",
      number       = "ATL-COM-PHYS-2011-389",
      month        = "Apr",
      year         = "2011",
}

@article{flowpaper,
      key            = "925720",
      title          = "{Measurement of the pseudorapidity and transverse
                        momentum dependence of the elliptic flow of charged
                        particles in lead-lead collisions at $\sqrt{s_{NN}} = 2.76\TeV$
                        with the ATLAS detector}",
      collaboration  = "ATLAS",
      year           = "2011",
      eprint         = "1108.6018",
      archivePrefix  = "arXiv",
      primaryClass   = "hep-ex",
      reportNumber   = "CERN-PH-EP-2011-124",
      SLACcitation   = "%%CITATION = ARXIV:1108.6018;%%",
}

@Unpublished{centralitynote,
  author = "Angerami, A. and Cole, B. and Milov, A. and Steinberg, P.",
  title = "Centrality Determination in the 2010 Pb+Pb physics data",
  note = "ATL-COM-PHYS-2011-427"
}

@Unpublished{fluctuationnote,
  collaboration = "ATLAS",
  title = "Calorimeter energy fluctuations in \mbox{Pb+Pb} collisions",
  note = "ATL-COM-PHYS-2011-304"
}


@Unpublished{heavyflavor,
  author = "Chen, Y. and Cole, B.",
  title = "Heavy Flavor Production in lead-lead collisions at 2.76 TeV",
  note = "ATL-COM-PHYS-2012-418"
}

@article{QuenchingBasics5,
      author         = "{Wang, X N and Gyulassy, M and Pl\"umer, M}",
      title          = "The LPM effect in QCD and Radiative energy loss in a quark-gluon plasma",
      journal        = "Phys.Rev.",
      volume         = "D 51",
      pages          = "3436",
      year           = "1995",
      eprint         = "9408344v1",
      archivePrefix  = "arXiv",
      primaryClass   = "hep-ph",
}


@Misc{roounfold,
  note = "{\tt http://hepunx.rl.ac.uk/~adye/software/unfold/RooUnfold.html}",
howpublished=""

}

@article{Hocker:1995kb,
      author         = "Hocker, Andreas and Kartvelishvili, Vakhtang",
      title          = "{SVD approach to data unfolding}",
      journal        = "Nucl.~Instrum.~Meth.",
      volume         = "A 372",
      pages          = "469-481",
      doi            = "10.1016/0168-9002(95)01478-0",
      year           = "1996",
}
@Msic{electronrun2twiki,
   note = "{\tt https://twiki.cern.ch/twiki/bin/view/AtlasProtected/EGammaIdentificationRun2}",
      howpublished = ""
}

@Misc{JERUncertaintyProvider,
   title = "JER Uncertainty Provider",
  note = "{\tt https://twiki.cern.ch/twiki/bin/viewauth/AtlasProtected/JetEnergyResolutionProvider}",
  howpublished=""
}

@Misc{JESUncertaintyProvider,
   title = "JES Uncertainty Provider",
  note = "{\tt https://twiki.cern.ch/twiki/bin/viewauth/AtlasProtected/JetUncertainties2011}",
  howpublished=""
}

@Misc{JERUncertaintyProviderRun2,
   title = "JER Uncertainty Provider",
  note = "{\tt https://twiki.cern.ch/twiki/bin/view/AtlasProtected/JetEnergyResolutionProvider}",
  howpublished=""
}

@Misc{JESUncertaintyProviderRun2,
   title = "JES Uncertainty Provider",
  note = "{\tt https://twiki.cern.ch/twiki/bin/viewauth/AtlasProtected/JetUncertainties2015ICHEP2016}",
  howpublished=""
}

@article{Chatrchyan:2014ava,
      author         = "Chatrchyan, Serguei and others",
      title          = "{Measurement of jet fragmentation in PbPb and pp
                        collisions at $\sqrt{s_{NN}}=2.76$ TeV}",
      collaboration  = "CMS",
      journal        = "Phys. Rev.",
      volume         = "C90",
      year           = "2014",
      number         = "2",
      pages          = "024908",
      doi            = "10.1103/PhysRevC.90.024908",
      eprint         = "1406.0932",
      archivePrefix  = "arXiv",
      primaryClass   = "nucl-ex",
      reportNumber   = "CMS-HIN-12-013, CERN-PH-EP-2014-100",
      SLACcitation   = "%%CITATION = ARXIV:1406.0932;%%"
}
@article{Aad:2014bia,
      author         = "Aad, Georges and others",
      title          = "{Jet energy measurement and its systematic uncertainty in
                        proton-proton collisions at $\sqrt{s}=7$ TeV with the
                        ATLAS detector}",
      collaboration  = "ATLAS",
      journal        = "Eur. Phys. J.",
      volume         = "C75",
      year           = "2015",
      pages          = "17",
      doi            = "10.1140/epjc/s10052-014-3190-y",
      eprint         = "1406.0076",
      archivePrefix  = "arXiv",
      primaryClass   = "hep-ex",
      reportNumber   = "CERN-PH-EP-2013-222",
      SLACcitation   = "%%CITATION = ARXIV:1406.0076;%%"
}
@article{ATLAS:2015oia,
      author         = "{ATLAS collaboration}",
      title          = "{Jet global sequential corrections with the ATLAS
                        detector in proton-proton collisions at sqrt(s) = 8 TeV}",
      year           = "2015",
      reportNumber   = "ATLAS-CONF-2015-002",
      url = "https://cds.cern.ch/record/2001682",
      SLACcitation   = "%%CITATION = ATLAS-CONF-2015-002;%%"
}
@Misc{CalibrationTwiki,
   title = "HI Jet Calibration Twiki",
  note = "{\tt https://twiki.cern.ch/twiki/bin/view/AtlasProtected/HIRun2JES}",
  howpublished=""
}

@Unpublished{ATLAS-CONF-2010-054,
  author = "{ATLAS Collaboration}",
  title = "{Jet energy resolution and reconstruction efficiencies from in-situ techniques with the ATLAS Detector Using Proton-Proton Collisions at a Center of Mass Energy $\sqrt{s} = 7$ TeV}",
  note = "{ATLAS-CONF-2010-054}",
}



@article{FragFit,
      author         = "Florian, Daniel and Sassot, Rodolfo and Stratmann, Marco",
      title          = "{Global analysis of fragmentation functions for protons and charged hadrons}",
      journal        = "Phys.~Rev.~",
      volume         = "D 76",
      pages          = "074033",
      doi            = "10.1103/PhysRevD.76.074033",
      year           = "2007",
}


@article{Vitev:2008rz,
     author    = "Vitev, Ivan and Wicks, Simon and Zhang, Ben-Wei",
     title     = "{A theory of jet shapes and cross sections: from hadrons to
                  nuclei}",
     journal   = "JHEP",
     volume    = "11",
     year      = "2008",
     pages     = "093",
     eprint    = "0810.2807",
     archivePrefix = "arXiv",
     primaryClass  =  "hep-ph",
     doi       = "10.1088/1126-6708/2008/11/093",
     SLACcitation  = "%%CITATION = 0810.2807;%%"
}

@Unpublished{jesnote,
  author = "{ATLAS Collaboration}",
  title = "{Jet energy scale and its systematic uncertainty in proton-proton collisions at $\sqrt{s}=7$ TeV in ATLAS 2010 data}",
  note = "ATLAS-CONF-2011-032",
}
@Article{Aad:1696485,
      author       = "{The ATLAS Collaboration}",
      title        = "Jet energy scale determination for heavy ion jet reconstruction: JES for HI jets",
      note       = "ATL-COM-PHYS-2014-329, https://cds.cern.ch/record/1696485",
      year         = "2014",
}

@Misc{HITMF,
   title = "ATLAS HI Trigger Twiki",
  note = "{\tt https://twiki.cern.ch/twiki/bin/view/AtlasProtected/TrigHIRecommendedTriggers2015}",
  howpublished=""
}

@Unpublished{muid,
  author = "Fassouliotis, D. and others",
  title = "{Muon Identification using the MUID package}",
  note = "ATL-COM-MUON-2003-003",
}

@Misc{CONFapproval,
  title = "Approval meeting for ``Measurement of inclusive jet charged particle fragmentation functions in Pb+Pb collisions at $\sqrt{s_{NN}}=2.76$~TeV with the ATLAS detector'' (ATLAS-CONF-2012-115)",
  note = "{\tt https://indico.cern.ch/conferenceDisplay.py?confId=202543}",
howpublished=""
}

@Misc{thisOld,
  title = "Jet Fragmentation in Heavy Ion Collisions",
  note = "ATL-COM-PHYS-2012-628",
howpublished=""
}

@Unpublished{HIjesnote,
  author = "{ATLAS Collaboration}",
  title = "{Jet energy scale and its uncertainty for jets reconstructed using the ATLAS heavy ion jet algorithm}",
  note = "ATLAS-CONF-2015-016",
}
@Article{Aad:12081967v1,
      author      = "{The ATLAS Collaboration}",
      title        = "{Performance of Jet Reconstruction in Heavy Ion Collisions}",
      institution  = "",
      address      = "",
      month        = "",
      year         = "2012",
      note  = "ATL-COM-PHYS-2011-1733, https://cds.cern.ch/record/1409453",
}
@Unpublished{ATLAS-CONF-2015-022,
  author = "{ATLAS Collaboration}",
  title = "{Measurement of jet fragmentation in 5.02 TeV proton-lead and 2.76 TeV proton-proton collisions with the ATLAS detector}",
  note = "{ATLAS-CONF-2015-022}",
}
@Unpublished{ATL-COM-PHYS-2014-795,
  author = "{ATLAS Collaboration}",
  title = "{Numerical inversion for calibration of Heavy-ion jets}",
  note = "{ATL-COM-PHYS-2014-795}",
}
@Unpublished{ATL-COM-PHYS-2016-1707,
  author = "{ATLAS Collaboration}",
  title = "{Measurement of jet fragmentation in 5.02~TeV proton-lead and proton-proton collisions with the ATLAS detector}",
  note = "{ATL-COM-PHYS-2016-1707}",
}

@Unpublished{ATL-PHYS-PUB-2014-021,
  author = "{ATLAS Collaboration}",
  title = "{ATLAS Run 1 Pythia8 tunes}",
  note = "ATL-PHYS-PUB-2014-021,  https://cds.cern.ch/record/1966419",
}

@Unpublished{ATL-PHYS-INT-2011-001,
  author = "{ATLAS Collaboration}",
  title = "{Track Reconstruction Efficiency in s=7 TeV Data for Tracks with $p_{T} > $100 MeV}",
  note = "ATL-PHYS-INT-2011-001",
}

@Misc{2015EventCleaning,
   title = "xAOD Analysis Twiki",
  note = "{\tt https://twiki.cern.ch/twiki/bin/view/AtlasComputing/SoftwareTutorialxAODAnalysisInROOT}",
  howpublished=""
}

@Misc{MuonSelectionTool,
  note = "{\tt https://twiki.cern.ch/twiki/bin/view/Atlas/MuonSelectionTool}",
  howpublished=""
}
@Misc{MCPAnalysisGuidelinesMC15,
  note = "{\tt https://twiki.cern.ch/twiki/bin/view/AtlasProtected/MCPAnalysisGuidelinesMC15}",
  howpublished=""
}
@Misc{TrackingCPICHEP2016,
  note = "{\tt https://twiki.cern.ch/twiki/bin/view/AtlasProtected/TrackingCPICHEP2016}",
  howpublished=""
}
@article{Wang:1991hta,
      author         = "Wang, Xin-Nian and Gyulassy, Miklos",
      title          = "{HIJING: A Monte Carlo model for multiple jet production
                        in p p, p A and A A collisions}",
      journal        = "Phys. Rev.",
      volume         = "D44",
      year           = "1991",
      pages          = "3501-3516",
      doi            = "10.1103/PhysRevD.44.3501",
      reportNumber   = "LBL-31036",
      SLACcitation   = "%%CITATION = PHRVA,D44,3501;%%"
}

@Booklet{ATL-PHYS-PUB-2016-007,
          author         = "{ATLAS Collaboration}",
          title          = "{Measurement of track reconstruction inefficiencies in the core of jets via pixel dE/dx with the ATLAS experiment using sâˆš=13 TeV pp collision data}",
          howpublished   = "{ATL-PHYS-PUB-2016-007}",
          note = "{\tt https://cds.cern.ch/record/2140460}",
      } 
@Unpublished{ATLAS-COM-PHYS-2011-1733,
      author       = "Angerami, A. and Cole, B. and Perepelitsa, D. and Balek, P. and Kosek, T. and Rybar, M. and Spousta, M.  and Galan, A. and Santos, H.",
      title        = "Performance of Jet Reconstruction in Heavy Ion Collisions",
      howpublished         = "ATL-PHYS-INT-2012-058",
      note = "{\tt https://cds.cern.ch/record/1462582}",
}

@techreport{Bold:2194917,
      author        = "Bold, Tomasz and Grabowska-Bold, Iwona and Janus, Piotr
                       Andrzej and Kremer, Jakub Andrzej and Przybycien, Mariusz",
      title         = "{Measurement of W boson production in Pb+Pb collisions at
                       ?sNN =5.02 TeV - Supporting Note}",
      institution   = "CERN",
      address       = "Geneva",
      number        = "ATL-COM-PHYS-2016-828",
      month         = "Jun",
      year          = "2016",
      reportNumber  = "ATL-COM-PHYS-2016-828",
      url           = "https://cds.cern.ch/record/2194917",
}